@misc{git,
  author       = {Dmitriy Kuptsov},
  title        = {{Simple Process Historian database}},
  howpublished = {\url{https://github.com/dmitriykuptsov/process-historian-cassandra}}
  year         = {2025},
}
